@article{Estienne15,
  title = {Correlation Lengths and Topological Entanglement Entropies of Unitary and Nonunitary Fractional Quantum Hall Wave Functions},
  author = {Estienne, B. and Regnault, N. and Bernevig, B. A.},
  journal = {Phys. Rev. Lett.},
  volume = {114},
  issue = {18},
  pages = {186801},
  numpages = {5},
  year = {2015},
  month = {May},
  publisher = {American Physical Society},
  doi = {10.1103/PhysRevLett.114.186801},
  url = {https://link.aps.org/doi/10.1103/PhysRevLett.114.186801}
}

@ARTICLE{Schoonder19,
	author = {{Schoonderwoerd}, Leon and {Pollmann}, Frank and {M{\"o}ller}, Gunnar},
	title = "{Interaction-driven plateau transition between integer and fractional Chern Insulators}",
	journal = {arXiv e-prints},
	keywords = {Condensed Matter - Strongly Correlated Electrons, Condensed Matter - Mesoscale and Nanoscale Physics},
	year = 2019,
	month = aug,
	eid = {arXiv:1908.00988},
	pages = {arXiv:1908.00988},
	archivePrefix = {arXiv},
	eprint = {1908.00988},
	primaryClass = {cond-mat.str-el},
	adsurl = {https://ui.adsabs.harvard.edu/abs/2019arXiv190800988S},
	adsnote = {Provided by the SAO/NASA Astrophysics Data System}
}

@article{Glasser15,
	doi = {10.1088/1367-2630/17/8/082001},
	url = {https://doi.org/10.1088%2F1367-2630%2F17%2F8%2F082001},
	year = 2015,
	month = {aug},
	publisher = {{IOP} Publishing},
	volume = {17},
	number = {8},
	pages = {082001},
	author = {Ivan Glasser and J Ignacio Cirac and Germ{\'{a}}n Sierra and Anne E B Nielsen},
	title = {Exact parent Hamiltonians of bosonic and fermionic Moore{\textendash}Read states on lattices and local models},
	journal = {New Journal of Physics}
}

@article{Zhu15,
	title = {Topological characterization of the non-Abelian Moore-Read state using density-matrix renormalization group},
	author = {Zhu, W. and Gong, S. S. and Haldane, F. D. M. and Sheng, D. N.},
	journal = {Phys. Rev. B},
	volume = {92},
	issue = {16},
	pages = {165106},
	numpages = {5},
	year = {2015},
	month = {Oct},
	publisher = {American Physical Society},
	doi = {10.1103/PhysRevB.92.165106},
	url = {https://link.aps.org/doi/10.1103/PhysRevB.92.165106}
}

@article{Wang12,
	title = {Non-Abelian Quantum Hall Effect in Topological Flat Bands},
	author = {Wang, Yi-Fei and Yao, Hong and Gu, Zheng-Cheng and Gong, Chang-De and Sheng, D. N.},
	journal = {Phys. Rev. Lett.},
	volume = {108},
	issue = {12},
	pages = {126805},
	numpages = {5},
	year = {2012},
	month = {Mar},
	publisher = {American Physical Society},
	doi = {10.1103/PhysRevLett.108.126805},
	url = {https://link.aps.org/doi/10.1103/PhysRevLett.108.126805}
}

@article{Liu12,
	title = {Edge-mode combinations in the entanglement spectra of non-Abelian fractional quantum Hall states on the torus},
	author = {Liu, Zhao and Bergholtz, Emil J. and Fan, Heng and L\"auchli, Andreas M.},
	journal = {Phys. Rev. B},
	volume = {85},
	issue = {4},
	pages = {045119},
	numpages = {13},
	year = {2012},
	month = {Jan},
	publisher = {American Physical Society},
	doi = {10.1103/PhysRevB.85.045119},
	url = {https://link.aps.org/doi/10.1103/PhysRevB.85.045119}
}

@article{Lee15,
	title = {Geometric Construction of Quantum Hall Clustering Hamiltonians},
	author = {Lee, Ching Hua and Papi\ifmmode \acute{c}\else \'{c}\fi{}, Zlatko and Thomale, Ronny},
	journal = {Phys. Rev. X},
	volume = {5},
	issue = {4},
	pages = {041003},
	numpages = {24},
	year = {2015},
	month = {Oct},
	publisher = {American Physical Society},
	doi = {10.1103/PhysRevX.5.041003},
	url = {https://link.aps.org/doi/10.1103/PhysRevX.5.041003}
}

@article{Papic14,
	title = {Solvable models for unitary and nonunitary topological phases},
	author = {Papi\ifmmode \acute{c}\else \'{c}\fi{}, Z.},
	journal = {Phys. Rev. B},
	volume = {90},
	issue = {7},
	pages = {075304},
	numpages = {17},
	year = {2014},
	month = {Aug},
	publisher = {American Physical Society},
	doi = {10.1103/PhysRevB.90.075304},
	url = {https://link.aps.org/doi/10.1103/PhysRevB.90.075304}
}

@article{Simon07,
	title = {Construction of a paired wave function for spinless electrons at filling fraction $\ensuremath{\nu}=2âˆ•5$},
	author = {Simon, Steven H. and Rezayi, E. H. and Cooper, N. R. and Berdnikov, I.},
	journal = {Phys. Rev. B},
	volume = {75},
	issue = {7},
	pages = {075317},
	numpages = {12},
	year = {2007},
	month = {Feb},
	publisher = {American Physical Society},
	doi = {10.1103/PhysRevB.75.075317},
	url = {https://link.aps.org/doi/10.1103/PhysRevB.75.075317}
}